<?xml version="1.0" encoding="UTF-8"?><collection xmlns="http://www.loc.gov/MARC21/slim"><record><leader>00404nam--2200133-i-4500</leader><controlfield tag="001">000028277</controlfield><controlfield tag="002">20161230</controlfield><controlfield tag="005">20161230201037</controlfield><controlfield tag="008">060222s1000------------r-----000-0-eng-d</controlfield><datafield ind1=" " ind2=" " tag="080"><subfield code="a">539.143.43:538.122.08</subfield></datafield><datafield ind1=" " ind2=" " tag="100"><subfield code="a">Kubo, Takahiro/S.A.</subfield></datafield><datafield ind1=" " ind2=" " tag="245"><subfield code="a">Optical pumping experiment of he4 and its application to the magnetometer</subfield></datafield><datafield ind1=" " ind2=" " tag="260"><subfield code="a">Tokyo, Mitsubishi Denki Laboratory, 1967. 17p.Foto.`</subfield></datafield><datafield ind1=" " ind2=" " tag="852"><subfield code="a">27848</subfield></datafield></record></collection>